<record><leader>00000cas a2200000 a 4500</leader><controlfield tag="001">45465953</controlfield><controlfield tag="008">001204d1uuu19uumiucr n       0    0eng c</controlfield><datafield ind1=" " ind2=" " tag="010"><subfield code="a">sn 00062732 </subfield></datafield><datafield ind1=" " ind2=" " tag="040"><subfield code="a">MHN</subfield><subfield code="b">eng</subfield><subfield code="c">MHN</subfield><subfield code="d">OCLCQ</subfield><subfield code="d">OCLCO</subfield></datafield><datafield ind1="1" ind2=" " tag="029"><subfield code="a">AU@</subfield><subfield code="b">000022106486</subfield></datafield><datafield ind1=" " ind2=" " tag="042"><subfield code="a">pcc</subfield></datafield><datafield ind1=" " ind2=" " tag="043"><subfield code="a">n-us-mi</subfield></datafield><datafield ind1="0" ind2="0" tag="245"><subfield code="a">Onekama lake breeze.</subfield></datafield><datafield ind1=" " ind2=" " tag="260"><subfield code="a">Bear Lake, Mich. :</subfield><subfield code="b">Keddie &amp; Son</subfield></datafield><datafield ind1=" " ind2=" " tag="300"><subfield code="a">v.</subfield></datafield><datafield ind1=" " ind2=" " tag="310"><subfield code="a">Semiweekly</subfield></datafield><datafield ind1=" " ind2=" " tag="580"><subfield code="a">Merged with: Bear Lake beacon, and: Arcadia argus, and: Kaleva chronicle, and: Wellston-Brethren banner, and: Copemish compass, to form: Manistee County pioneer press.</subfield></datafield><datafield ind1=" " ind2=" " tag="588"><subfield code="a">Description based on: Vol. 31, no. 5 (Sept. 17, 1918).</subfield></datafield><datafield ind1=" " ind2="0" tag="651"><subfield code="a">Onekama (Mich.)</subfield><subfield code="v">Newspapers.</subfield></datafield><datafield ind1=" " ind2="0" tag="651"><subfield code="a">Bear Lake (Manistee County, Mich.)</subfield><subfield code="v">Newspapers.</subfield></datafield><datafield ind1=" " ind2="0" tag="651"><subfield code="a">Manistee County (Mich.)</subfield><subfield code="v">Newspapers.</subfield></datafield><datafield ind1=" " ind2=" " tag="752"><subfield code="a">United States</subfield><subfield code="b">Michigan</subfield><subfield code="c">Manistee</subfield><subfield code="d">Onekama.</subfield></datafield><datafield ind1="1" ind2="7" tag="785"><subfield code="t">Bear Lake beacon</subfield><subfield code="w">(DLC)sn 96076503</subfield><subfield code="w">(OCoLC)34575016</subfield></datafield><datafield ind1="1" ind2="7" tag="785"><subfield code="t">Arcadia argus</subfield><subfield code="w">(DLC)sn 00062737</subfield><subfield code="w">(OCoLC)45465919</subfield></datafield><datafield ind1="1" ind2="7" tag="785"><subfield code="t">Copemish compass</subfield><subfield code="w">(DLC)sn2002062244</subfield><subfield code="w">(OCoLC)50450930</subfield></datafield><datafield ind1="1" ind2="7" tag="785"><subfield code="t">Kaleva chronicle</subfield><subfield code="w">(DLC)sn2002062245</subfield><subfield code="w">(OCoLC)50451173</subfield></datafield><datafield ind1="1" ind2="7" tag="785"><subfield code="t">Wellston-Brethren banner</subfield><subfield code="w">(DLC)sn2002062246</subfield><subfield code="w">(OCoLC)50451018</subfield></datafield><datafield ind1="1" ind2="7" tag="785"><subfield code="t">Manistee County pioneer press</subfield><subfield code="w">(DLC)sn 96076504</subfield><subfield code="w">(OCoLC)34645634</subfield></datafield></record>